@online{he,
  author = {Saurabh Yadav},
  title = {Weight Initialization Techniques in Neural Networks},
  url = {https://towardsdatascience.com/weight-initialization-techniques-in-neural-networks-26c649eb3b78},
  year = 2018,
  month = nov,
  day = 9,
  urldate = {2022-11-13}
}
@software{he_2,
  author       = {Ritchie Ng, Jie Fu},
  title        = {Deep Learning Wizard},
  month        = apr,
  year         = 2019,
  publisher    = {Zenodo},
  version      = {v1.0.1},
  doi          = {10.5281/zenodo.2644957},
}
https://www.deeplearningwizard.com/deep_learning/boosting_models_pytorch/weight_initialization_activation_functions/
@article{overfitting,
author = {Mikhail Belkin  and Daniel Hsu  and Siyuan Ma  and Soumik Mandal },
title = {Reconciling modern machine-learning practice and the classical bias-variance trade-off},
journal = {Proceedings of the National Academy of Sciences},
volume = {116},
number = {32},
pages = {15849-15854},
year = {2019},
doi = {10.1073/pnas.1903070116},
URL = {https://www.pnas.org/doi/abs/10.1073/pnas.1903070116},
eprint = {https://www.pnas.org/doi/pdf/10.1073/pnas.1903070116}
}

@book{deeplearning,
author = {Ian Goodfellow and Yoshua Bengio and Aaron Courville },
title = {Deep Learning},
subtitle = {Adaptive Computation and Machine Learning series},
publisher = {The MIT Press},
year = {2016},
note={\url{http://www.deeplearningbook.org}},
}
@article{batchnormalization,
  author    = {Sergey Ioffe and
               Christian Szegedy},
  title     = {Batch Normalization: Accelerating Deep Network Training by Reducing
               Internal Covariate Shift},
  journal   = {CoRR},
  volume    = {abs/1502.03167},
  year      = {2015},
  url       = {http://arxiv.org/abs/1502.03167},
  eprinttype = {arXiv},
  eprint    = {1502.03167},
  timestamp = {Mon, 13 Aug 2018 16:47:06 +0200},
  biburl    = {https://dblp.org/rec/journals/corr/IoffeS15.bib},
  bibsource = {dblp computer science bibliography, https://dblp.org}
}
@article{nielsen,
author = { Michael A. Nielsen},
title = {Neural Networks and Deep Learning},
publisher = {Determination Press},
year = {2015}
}
@article{Mehta_2019,
	doi = {10.1016/j.physrep.2019.03.001},
  
	url = {https://doi.org/10.1016%2Fj.physrep.2019.03.001},
  
	year = 2019,
	month = {may},
  
	publisher = {Elsevier {BV}
},
  
	volume = {810},
  
	pages = {1--124},
  
	author = {Pankaj Mehta and Marin Bukov and Ching-Hao Wang and Alexandre G.R. Day and Clint Richardson and Charles K. Fisher and David J. Schwab},
  
	title = {A high-bias, low-variance introduction to Machine Learning for physicists},
  
	journal = {Physics Reports}
}
@book{hastie,
author = {Trevor Hastie and Robert Tibshirani and Jerome Friedman},
title = {The Elements of Statistical Learning},
subtitle = {Data Mining, Inference, and Prediction, Second Edition},
publisher = {Springer New York, NY},
edition = {2},
year = {2009},
adress = {New York},
doi = {https://doi.org/10.1007/978-0-387-84858-7}
}