@online{cv,
  author = {scikit learn},
  title = {Cross-validation: evaluating estimator performance},
  url = {https://scikit-learn.org/stable/modules/cross_validation.html},
  urldate = {2022-10-09}
}
@article{overfitting,
author = {Mikhail Belkin  and Daniel Hsu  and Siyuan Ma  and Soumik Mandal },
title = {Reconciling modern machine-learning practice and the classical bias–variance trade-off},
journal = {Proceedings of the National Academy of Sciences},
volume = {116},
number = {32},
pages = {15849-15854},
year = {2019},
doi = {10.1073/pnas.1903070116},
URL = {https://www.pnas.org/doi/abs/10.1073/pnas.1903070116},
eprint = {https://www.pnas.org/doi/pdf/10.1073/pnas.1903070116}
}

@article{sealevel,
author = {Pierre Prandi and Benoit Meyssignac and Michaël Ablain and Giorgio Spada and Aurélien Ribes and Jérôme Benveniste},
title = {Local sea level trends, accelerations and uncertainties over 1993–2019},
journal = {Scientific Data},
volume = {8},
number = {1},
year = {2021},
doi = {https://doi.org/10.1038/s41597-020-00786-7}
}
